@misc{he2015deepresiduallearningimage,
      title={Deep Residual Learning for Image Recognition},
      author={Kaiming He and Xiangyu Zhang and Shaoqing Ren and Jian Sun},
      year={2015},
      eprint={1512.03385},
      archivePrefix={arXiv},
      primaryClass={cs.CV},
      url={https://arxiv.org/abs/1512.03385},
}

@misc{tan2020efficientnetrethinkingmodelscaling,
      title={EfficientNet: Rethinking Model Scaling for Convolutional Neural Networks},
      author={Mingxing Tan and Quoc V. Le},
      year={2020},
      eprint={1905.11946},
      archivePrefix={arXiv},
      primaryClass={cs.LG},
      url={https://arxiv.org/abs/1905.11946},
}

@article{CUDA_Article,
author = {Nickolls, John and Buck, Ian and Garland, Michael and Skadron, Kevin},
year = {2008},
month = {03},
pages = {40-53},
title = {Scalable Parallel Programming with CUDA},
volume = {6},
journal = {Queue},
doi = {10.1145/1401132.1401152}
}

@manual{CUDA_C_Programming_Guide,
  title        = {CUDA C++ Programming Guide},
  author       = {{NVIDIA Corporation}},
  organization = {NVIDIA},
  year         = {2023},
  month        = {12},
  url          = {https://docs.nvidia.com/cuda/cuda-c-programming-guide/},
  note         = {Version 12.3}
}

@manual{CUDA_PTX,
  title        = {PTX},
  author       = {{NVIDIA Corporation}},
  organization = {NVIDIA}
}

@misc{Gem5SimulatorVersion20,
title={The gem5 Simulator: Version 20.0+},
author={Jason Lowe-Power and Abdul Mutaal Ahmad and Ayaz Akram and Mohammad Alian and Rico Amslinger and Matteo Andreozzi and Adrià Armejach and Nils Asmussen and Brad Beckmann and Srikant Bharadwaj and Gabe Black and Gedare Bloom and Bobby R. Bruce and Daniel Rodrigues Carvalho and Jeronimo Castrillon and Lizhong Chen and Nicolas Derumigny and Stephan Diestelhorst and Wendy Elsasser and Carlos Escuin and Marjan Fariborz and Amin Farmahini-Farahani and Pouya Fotouhi and Ryan Gambord and Jayneel Gandhi and Dibakar Gope and Thomas Grass and Anthony Gutierrez and Bagus Hanindhito and Andreas Hansson and Swapnil Haria and Austin Harris and Timothy Hayes and Adrian Herrera and Matthew Horsnell and Syed Ali Raza Jafri and Radhika Jagtap and Hanhwi Jang and Reiley Jeyapaul and Timothy M. Jones and Matthias Jung and Subash Kannoth and Hamidreza Khaleghzadeh and Yuetsu Kodama and Tushar Krishna and Tommaso Marinelli and Christian Menard and Andrea Mondelli and Miquel Moreto and Tiago Mück and Omar Naji and Krishnendra Nathella and Hoa Nguyen and Nikos Nikoleris and Lena E. Olson and Marc Orr and Binh Pham and Pablo Prieto and Trivikram Reddy and Alec Roelke and Mahyar Samani and Andreas Sandberg and Javier Setoain and Boris Shingarov and Matthew D. Sinclair and Tuan Ta and Rahul Thakur and Giacomo Travaglini and Michael Upton and Nilay Vaish and Ilias Vougioukas and William Wang and Zhengrong Wang and Norbert Wehn and Christian Weis and David A. Wood and Hongil Yoon and Éder F. Zulian},
year={2020},
eprint={2007.03152},
archivePrefix={arXiv},
primaryClass={cs.AR},
url={https://arxiv.org/abs/2007.03152}
}

@article{TheGem5Simulator,
author = {Binkert, Nathan and Beckmann, Bradford and Black, Gabriel and Reinhardt, Steven and Saidi, Ali and Basu, Arkaprava and Hestness, Joel and Hower, Derek and Krishna, Tushar and Sardashti, Somayeh and Sen, Rathijit and Sewell, Korey and Shoaib Bin Altaf, Muhammad and Vaish, Nilay and Hill, Mark and Wood, David},
year = {2011},
month = {08},
pages = {1-7},
title = {The gem5 simulator},
volume = {39},
journal = {SIGARCH Computer Architecture News},
doi = {10.1145/2024716.2024718}
}

@article{General_Purpose_GPU_Architectures,
author = {Aamodt, Tor and Fung, Wilson and Rogers, Timothy},
year = {2018},
month = {05},
pages = {1-140},
title = {General-Purpose Graphics Processor Architectures},
volume = {13},
journal = {Synthesis Lectures on Computer Architecture},
doi = {10.2200/S00848ED1V01Y201804CAC044}
}
