@manual{ArmPerfAnalyses,
	title={Arm Neoverse N1 Core: Performance Analysis Methodology},
	author={Ltd. Arm},
	volume={34},
	year={2021},
	publisher={Arm Ltd.}
}

@manual{ArmPMUjson,
	title={Arm PMU description},
	author={Ltd. Arm},
	year={2024},
	Note = {\url{https://github.com/ARM-software/data/tree/master/pmu}},
	publisher={Arm Ltd.}
}

@manual{CortexA77Docs,
	title={Cortex A77 Documentation},
	year={2020},
	Note = {\url{https://en.wikichip.org/wiki/arm_holdings/microarchitectures/cortex-a77}},
	author={Cortex A77 Overview},
}

@inproceedings{clapp2015quantifying,
	title={Quantifying the performance impact of memory latency and bandwidth for big data workloads},
	author={Clapp, Russell and Dimitrov, Martin and Kumar, Karthik and Viswanathan, Vish and Willhalm, Thomas},
	booktitle={2015 IEEE International Symposium on Workload Characterization},
	pages={213--224},
	year={2015},
	organization={IEEE}
}